<record><leader>00000cas a22000007a 4500</leader><controlfield tag="001">21370557</controlfield><controlfield tag="008">900413d19451954mouwr ne      0    0eng d</controlfield><datafield ind1=" " ind2=" " tag="010"><subfield code="a">sn 90061565 </subfield></datafield><datafield ind1=" " ind2=" " tag="040"><subfield code="a">MQN</subfield><subfield code="b">eng</subfield><subfield code="c">MQN</subfield><subfield code="d">OCLCQ</subfield></datafield><datafield ind1=" " ind2=" " tag="042"><subfield code="a">msc</subfield></datafield><datafield ind1="0" ind2="0" tag="245"><subfield code="a">Cole County enterprise.</subfield></datafield><datafield ind1=" " ind2=" " tag="260"><subfield code="a">Eugene, Mo. :</subfield><subfield code="b">L.A. Wright and Lloyd A. Wright</subfield></datafield><datafield ind1=" " ind2=" " tag="300"><subfield code="a">v.</subfield></datafield><datafield ind1=" " ind2=" " tag="310"><subfield code="a">Weekly</subfield></datafield><datafield ind1="1" ind2=" " tag="362"><subfield code="a">Began in 1945?</subfield></datafield><datafield ind1="0" ind2=" " tag="362"><subfield code="a">-v. 8, no. 9 (Mar. 5, 1954).</subfield></datafield><datafield ind1=" " ind2=" " tag="500"><subfield code="a">Publication moved to Jefferson City, Mo., Sept. 28, 1949.</subfield></datafield><datafield ind1=" " ind2=" " tag="588"><subfield code="a">Description based on: Vol. 1, no. 52 (Nov. 29, 1946).</subfield></datafield><datafield ind1=" " ind2="4" tag="651"><subfield code="a">Cole County (Mo.)</subfield><subfield code="x">Newsapapers.</subfield></datafield><datafield ind1=" " ind2=" " tag="752"><subfield code="a">United States</subfield><subfield code="b">Missouri</subfield><subfield code="c">Cole</subfield><subfield code="d">Jefferson City.</subfield></datafield><datafield ind1=" " ind2=" " tag="752"><subfield code="a">United States</subfield><subfield code="b">Missouri</subfield><subfield code="c">Cole</subfield><subfield code="d">Eugene.</subfield></datafield><datafield ind1="0" ind2="0" tag="785"><subfield code="t">Missouri observer (Jefferson City, Mo.)</subfield><subfield code="w">(DLC)sn 90061566</subfield></datafield><datafield ind1="1" ind2=" " tag="029"><subfield code="a">AU@</subfield><subfield code="b">000025852971</subfield></datafield></record>